@inproceedings{proxyCoaching2022,
	author       = {Vasileios Theodoros Markos and
	Marios Thoma and
	Loizos Michael},
	editor       = {Isabelle Kuhlmann and
	Jack Mumford and
	Stefan Sarkadi},
	title        = {Machine Coaching with Proxy Coaches},
	booktitle    = {Proceedings of the 1st Workshop on Argumentation {\&} Machine
	Learning co-located with 9th International Conference on Computational
	Models of Argument {(COMMA} 2022), Cardiff, Wales, September 13th,
	2022},
	series       = {{CEUR} Workshop Proceedings},
	volume       = {3208},
	pages        = {45--64},
	publisher    = {CEUR-WS.org},
	year         = {2022},
	url          = {https://ceur-ws.org/Vol-3208/paper4.pdf},
	timestamp    = {Fri, 10 Mar 2023 16:22:13 +0100},
	biburl       = {https://dblp.org/rec/conf/comma/MarkosTM22.bib},
	bibsource    = {dblp computer science bibliography, https://dblp.org}
}